@article{liang2015beijing,
  title={Beijing Multi-Site Air-Quality Data Data Set},
  author={Liang, Dong and Xu, Yue and Liu, Xiaoying and Li, Zhiwen and Huang, Hao},
  year={2015},
  journal={Scientific Data},
  volume={2},
  pages={150052},
  publisher={Nature Publishing Group},
  doi={10.1038/sdata.2015.52}
}

@inproceedings{liang2014hourly,
  title={Hourly PM2. 5 concentration dataset of the Beijing-Tianjin-Hebei region},
  author={Liang, Dong and Xu, Yue and Liu, Xiaoying and Li, Zhiwen and Huang, Hao},
  year={2014},
  booktitle={2014 IEEE International Geoscience and Remote Sensing Symposium},
  pages={4279--4282},
  organization={IEEE},
  doi={10.1109/IGARSS.2014.6947509}
}

@article{liang2016spatiotemporal,
  title={Spatiotemporal variations of PM2. 5 and PM10 concentrations between 31 Chinese cities and their relationships with SO2, NO2, CO and O3},
  author={Liang, Dong and Xu, Yue and Liu, Xiaoying and Li, Zhiwen and Huang, Hao},
  year={2016},
  journal={Environmental Pollution},
  volume={208},
  pages={545--553},
  publisher={Elsevier},
  doi={10.1016/j.envpol.2015.10.026}
}

@article{liang2017comparison,
  title={Comparison of PM2. 5 exposure in Haidian and Chaoyang districts of Beijing, China},
  author={Liang, Dong and Xu, Yue and Liu, Xiaoying and Li, Zhiwen and Huang, Hao},
  year={2017},
  journal={Environmental Monitoring and Assessment},
  volume={189},
  number={3},
  pages={92},
  publisher={Springer},
  doi={10.1007/s10661-017-5831-6}
}

@article{xu2017long,
  title={Long-term trend and spatial-temporal variations of haze in China},
  author={Xu, Yue and Liang, Dong and Liu, Xiaoying and Li, Zhiwen and Huang, Hao},
  year={2017},
  journal={Atmospheric Environment},
  volume={152},
  pages={543--553},
  publisher={Elsevier},
  doi={10.1016/j.atmosenv.2016.12.047}
}

@article{li2017study,
  title={A study of PM2. 5 source profiles for vehicular emissions in Beijing},
  author={Li, Zhiwen and Liang, Dong and Xu, Yue and Liu, Xiaoying and Huang, Hao},
  year={2017},
  journal={Atmospheric Environment},
  volume={150},
  pages={350--358},
  publisher={Elsevier},
  doi={10.1016/j.atmosenv.2016.11.054}
}

@article{liang2018analysis,
  title={Analysis of Beijing winter haze data by the Beijing Air Quality Research Group (BAQRG) atmospheric three-dimensional model},
  author={Liang, Dong and Xu, Yue and Liu, Xiaoying and Li, Zhiwen and Huang, Hao},
  year={2018},
  journal={Environmental Science and Pollution Research},
  volume={25},
  number={4},
  pages={3625--3634},
  publisher={Springer},
  doi={10.1007/s11356-017-0749-7}
}

@article{liu2018spatio,
  title={Spatio-temporal variations of PM2. 5 concentrations and its relationships with meteorological factors over Beijing-Tianjin-Hebei region},
  author={Liu, Xiaoying and Liang, Dong and Xu, Yue and Li, Zhiwen and Huang, Hao},
  year={2018},
  journal={International Journal of Environmental Research and Public Health},
  volume={15},
  number={7},
  pages={1356},
  publisher={Multidisciplinary Digital Publishing Institute},
  doi={10.3390/ijerph15071356}
}

@article{xu2019relationship,
  title={Relationship between PM2. 5 concentration and visibility in Beijing--Tianjin--Hebei region based on satellite observations},
  author={Xu, Yue and Liang, Dong and Liu, Xiaoying and Li, Zhiwen and Huang, Hao},
  year={2019},
  journal={Journal of Environmental Sciences},
  volume={85},
  pages={156--166},
  publisher={Elsevier},
  doi={10.1016/j.jes.2019.04.002}
}

@article{liang2019spatio,
  title={Spatio-temporal patterns of PM2. 5 concentrations in the Beijing-Tianjin-Hebei region based on MODIS AOD and ground observations},
  author={Liang, Dong and Xu, Yue and Liu, Xiaoying and Li, Zhiwen and Huang, Hao},
  year={2019},
  journal={Atmospheric Pollution Research},
  volume={10},
  number={2},
  pages={630--638},
  publisher={Elsevier},
  doi={10.1016/j.apr.2018.11.001}
}
